@article{krioukov2010hyperbolic,
	title={Hyperbolic geometry of complex networks},
	author={Krioukov, Dmitri and Papadopoulos, Fragkiskos and Kitsak, Maksim and Vahdat, Amin and Bogun{\'a}, Mari{\'a}n},
	journal={Physical Review E},
	volume={82},
	number={3},
	pages={036106},
	year={2010},
	publisher={APS}
}

@article{tenenbaum2000global,
	title={A global geometric framework for nonlinear dimensionality reduction},
	author={Tenenbaum, Joshua B and De Silva, Vin and Langford, John C},
	journal={science},
	volume={290},
	number={5500},
	pages={2319--2323},
	year={2000},
	publisher={American Association for the Advancement of Science}
}

@inproceedings{belkin2002laplacian,
	title={Laplacian eigenmaps and spectral techniques for embedding and clustering},
	author={Belkin, Mikhail and Niyogi, Partha},
	booktitle={Advances in neural information processing systems},
	pages={585--591},
	year={2002}
}

@article{mikolov2013efficient,
	title={Efficient estimation of word representations in vector space},
	author={Mikolov, Tomas and Chen, Kai and Corrado, Greg and Dean, Jeffrey},
	journal={arXiv preprint arXiv:1301.3781},
	year={2013}
}


@inproceedings{mikolov2013distributed,
	title={Distributed representations of words and phrases and their compositionality},
	author={Mikolov, Tomas and Sutskever, Ilya and Chen, Kai and Corrado, Greg S and Dean, Jeff},
	booktitle={Advances in neural information processing systems},
	pages={3111--3119},
	year={2013}
}

@inproceedings{perozzi2014deepwalk,
	title={Deepwalk: Online learning of social representations},
	author={Perozzi, Bryan and Al-Rfou, Rami and Skiena, Steven},
	booktitle={Proceedings of the 20th ACM SIGKDD international conference on Knowledge discovery and data mining},
	pages={701--710},
	year={2014},
	organization={ACM}
}


@inproceedings{tang2015line,
	title={Line: Large-scale information network embedding},
	author={Tang, Jian and Qu, Meng and Wang, Mingzhe and Zhang, Ming and Yan, Jun and Mei, Qiaozhu},
	booktitle={Proceedings of the 24th International Conference on World Wide Web},
	pages={1067--1077},
	year={2015},
	organization={International World Wide Web Conferences Steering Committee}
}


@inproceedings{grover2016node2vec,
	title={node2vec: Scalable feature learning for networks},
	author={Grover, Aditya and Leskovec, Jure},
	booktitle={Proceedings of the 22nd ACM SIGKDD international conference on Knowledge discovery and data mining},
	pages={855--864},
	year={2016},
	organization={ACM}
}

@inproceedings{mikolov2013distributed,
	title={Distributed representations of words and phrases and their compositionality},
	author={Mikolov, Tomas and Sutskever, Ilya and Chen, Kai and Corrado, Greg S and Dean, Jeff},
	booktitle={Advances in neural information processing systems},
	pages={3111--3119},
	year={2013}
}


@inproceedings{papadopoulos2010greedy,
	title={Greedy forwarding in dynamic scale-free networks embedded in hyperbolic metric spaces},
	author={Papadopoulos, Fragkiskos and Krioukov, Dmitri and Bogu{\~n}{\'a}, Mari{\'a}n and Vahdat, Amin},
	booktitle={INFOCOM, 2010 Proceedings IEEE},
	pages={1--9},
	year={2010},
	organization={IEEE}
}


@article{krioukov2010hyperbolic,
	title={Hyperbolic geometry of complex networks},
	author={Krioukov, Dmitri and Papadopoulos, Fragkiskos and Kitsak, Maksim and Vahdat, Amin and Bogun{\'a}, Mari{\'a}n},
	journal={Physical Review E},
	volume={82},
	number={3},
	pages={036106},
	year={2010},
	publisher={APS}
}

@Article{barabasi1999emergence,
	title={Emergence of scaling in random networks},
	author={Barab{\'a}si, Albert-L{\'a}szl{\'o} and Albert, R{\'e}ka},
	journal={science},
	volume={286},
	number={5439},
	pages={509--512},
	year={1999},
	publisher={American Association for the Advancement of Science}
}

@article{alanis2016manifold,
	title={Manifold learning and maximum likelihood estimation for hyperbolic network embedding},
	author={Alanis-Lobato, Gregorio and Mier, Pablo and Andrade-Navarro, Miguel A},
	journal={Applied Network Science},
	volume={1},
	number={1},
	pages={10},
	year={2016},
	publisher={Springer}
}

@Article{alanis2016efficient,
	title={Efficient embedding of complex networks to hyperbolic space via their Laplacian},
	author={Alanis-Lobato, Gregorio and Mier, Pablo and Andrade-Navarro, Miguel A},
	journal={Scientific Reports},
	volume={6},
	year={2016},
	publisher={Nature Publishing Group}
}


@article{thomas2016machine,
	title={Machine learning meets network science: dimensionality reduction for fast and efficient embedding of networks in the hyperbolic space},
	author={Thomas, Josephine Maria and Muscoloni, Alessandro and Ciucci, Sara and Bianconi, Ginestra and Cannistraci, Carlo Vittorio},
	journal={arXiv preprint arXiv:1602.06522},
	year={2016}
}
@article{papadopoulos2015networkgeo,
	title={Network geometry inference using common neighbors},
	author={Papadopoulos, Fragkiskos and Aldecoa, Rodrigo and Krioukov, Dmitri},
	journal={Physical Review E},
	volume={92},
	number={2},
	pages={022807},
	year={2015},
	publisher={APS}
}


@article{papadopoulos2015network,
	title={Network mapping by replaying hyperbolic growth},
	author={Papadopoulos, Fragkiskos and Psomas, Constantinos and Krioukov, Dmitri},
	journal={IEEE/ACM Transactions on Networking (TON)},
	volume={23},
	number={1},
	pages={198--211},
	year={2015},
	publisher={IEEE Press}
}

@article{nickel2017poincar,
	title={Poincar$\backslash$'e Embeddings for Learning Hierarchical Representations},
	author={Nickel, Maximilian and Kiela, Douwe},
	journal={arXiv preprint arXiv:1705.08039},
	year={2017}
}


@article{papadopoulos2011popularity,
	title={Popularity versus similarity in growing networks},
	author={Papadopoulos, Fragkiskos and Kitsak, Maksim and Serrano, M and Bogun{\'a}, Mari{\'a}n and Krioukov, Dmitri},
	journal={arXiv preprint arXiv:1106.0286},
	year={2011}
}

@article{krioukov2009curvature,
	title={Curvature and temperature of complex networks},
	author={Krioukov, Dmitri and Papadopoulos, Fragkiskos and Vahdat, Amin and Bogu{\~n}{\'a}, Mari{\'a}n},
	journal={Physical Review E},
	volume={80},
	number={3},
	pages={035101},
	year={2009},
	publisher={APS}
}



@inproceedings{krizhevsky2012imagenet,
  title={Imagenet classification with deep convolutional neural networks},
  author={Krizhevsky, Alex and Sutskever, Ilya and Hinton, Geoffrey E},
  booktitle={Advances in neural information processing systems},
  pages={1097--1105},
  year={2012}
}

@inproceedings{defferrard2016convolutional,
	title={Convolutional neural networks on graphs with fast localized spectral filtering},
	author={Defferrard, Micha{\"e}l and Bresson, Xavier and Vandergheynst, Pierre},
	booktitle={Advances in Neural Information Processing Systems},
	pages={3844--3852},
	year={2016}
}

@article{kipf2016semi,
	title={Semi-supervised classification with graph convolutional networks},
	author={Kipf, Thomas N and Welling, Max},
	journal={arXiv preprint arXiv:1609.02907},
	year={2016}
}

@article{susnjara2015accelerated,
	title={Accelerated filtering on graphs using lanczos method},
	author={Susnjara, Ana and Perraudin, Nathana{\"e}l and Kressner, Daniel and Vandergheynst, Pierre},
	journal={arXiv preprint arXiv:1509.04537},
	year={2015}
}

@inproceedings{he2016deep,
	title={Deep residual learning for image recognition},
	author={He, Kaiming and Zhang, Xiangyu and Ren, Shaoqing and Sun, Jian},
	booktitle={Proceedings of the IEEE conference on computer vision and pattern recognition},
	pages={770--778},
	year={2016}
}

@article{hamilton2017inductive,
	title={Inductive Representation Learning on Large Graphs},
	author={Hamilton, William L and Ying, Rex and Leskovec, Jure},
	journal={arXiv preprint arXiv:1706.02216},
	year={2017}
}

@inproceedings{niepert2016learning,
	title={Learning convolutional neural networks for graphs},
	author={Niepert, Mathias and Ahmed, Mohamed and Kutzkov, Konstantin},
	booktitle={International Conference on Machine Learning},
	pages={2014--2023},
	year={2016}
}


@inproceedings{hinton2011transforming,
	title={Transforming auto-encoders},
	author={Hinton, Geoffrey E and Krizhevsky, Alex and Wang, Sida D},
	booktitle={International Conference on Artificial Neural Networks},
	pages={44--51},
	year={2011},
	organization={Springer}
}


@inproceedings{sabour2017dynamic,
	title={Dynamic routing between capsules},
	author={Sabour, Sara and Frosst, Nicholas and Hinton, Geoffrey E},
	booktitle={Advances in Neural Information Processing Systems},
	pages={3859--3869},
	year={2017}
}

